<collection xmlns="http://www.loc.gov/MARC21/slim">
<record>
  <leader>01458nam0a22002651i 450 </leader>
  <controlfield tag="001">IT\ICCU\CNCE\035455</controlfield>
  <controlfield tag="005">20150223000000.0</controlfield>
  <datafield tag="012" ind1=" " ind2=" ">
    <subfield code="a">      </subfield>
    <subfield code="2">fei</subfield>
    <subfield code="9">INR</subfield>
  </datafield>
  <datafield tag="100" ind1=" " ind2=" ">
    <subfield code="a">19980112d1561        0itac0103    ba</subfield>
  </datafield>
  <datafield tag="101" ind1=" " ind2=" ">
    <subfield code="a">LAT</subfield>
  </datafield>
  <datafield tag="102" ind1=" " ind2=" ">
    <subfield code="a">IT</subfield>
  </datafield>
  <datafield tag="200" ind1="1" ind2=" ">
    <subfield code="a">Anteiquae \!! Urbis imago accuratissime ex vetusteis \!! monumenteis \!! formata. Effigies antiquae Romae ex vestigiis aedificiorum ruinis testimonio veterum auctorum fide numismatum monumentis aeneis plumbeis saxeis tiglinisque collecta atque in hanc tabellam redacta atque descripta a Pyrrho Ligorio Romano per XIIII regiones in quas Urbem divisit imp. Caesar Aug. Pioque IV pont. max. dicata</subfield>
  </datafield>
  <datafield tag="210" ind1=" " ind2=" ">
    <subfield code="a">Romae</subfield>
    <subfield code="c">excuderunt Michael et Franciscus Tramezini</subfield>
    <subfield code="d">1561</subfield>
  </datafield>
  <datafield tag="215" ind1=" " ind2=" ">
    <subfield code="a">12 c. di tav.</subfield>
    <subfield code="d">atl</subfield>
  </datafield>
  <datafield tag="300" ind1=" " ind2=" ">
    <subfield code="a">Dopo le note tipografiche: Jacobus Bossius incidebat</subfield>
  </datafield>
  <datafield tag="620" ind1=" " ind2=" ">
    <subfield code="a">IT</subfield>
    <subfield code="d">Roma</subfield>
  </datafield>
  <datafield tag="700" ind1=" " ind2="1">
    <subfield code="a">Ligorio,</subfield>
    <subfield code="b">Pirro</subfield>
    <subfield code="3">IT\ICCU\CNCA\009971</subfield>
  </datafield>
  <datafield tag="702" ind1=" " ind2="1">
    <subfield code="a">Bos,</subfield>
    <subfield code="b">Jacobus</subfield>
    <subfield code="3">IT\ICCU\CNCA\026394</subfield>
  </datafield>
  <datafield tag="712" ind1="0" ind2="0">
    <subfield code="a">Tramezzino, Francesco &amp; Tramezzino, Michele &lt;1.&gt;</subfield>
    <subfield code="3">IT\ICCU\CNCT\002042</subfield>
    <subfield code="4">650</subfield>
  </datafield>
  <datafield tag="790" ind1=" " ind2="1">
    <subfield code="a">Liguori,</subfield>
    <subfield code="b">Pirro</subfield>
    <subfield code="3">IT\ICCU\CNCA\020468</subfield>
    <subfield code="z">Ligorio, Pirro</subfield>
  </datafield>
  <datafield tag="790" ind1=" " ind2="1">
    <subfield code="a">Ligorius,</subfield>
    <subfield code="b">Pyrrhus</subfield>
    <subfield code="3">IT\ICCU\CNCA\020642</subfield>
    <subfield code="z">Ligorio, Pirro</subfield>
  </datafield>
  <datafield tag="790" ind1=" " ind2="1">
    <subfield code="a">Bossius,</subfield>
    <subfield code="b">Jacobus</subfield>
    <subfield code="3">IT\ICCU\CNCA\026396</subfield>
    <subfield code="z">Bos, Jacobus</subfield>
  </datafield>
  <datafield tag="801" ind1=" " ind2="3">
    <subfield code="a">IT</subfield>
    <subfield code="b">ICCU</subfield>
    <subfield code="c">20201114</subfield>
  </datafield>
  <datafield tag="899" ind1=" " ind2=" ">
    <subfield code="a">Biblioteca Apostolica Vaticana. Citt ̉del Vaticano</subfield>
    <subfield code="1">EX0001</subfield>
    <subfield code="2">ZCV 01</subfield>
  </datafield>
  <datafield tag="899" ind1=" " ind2=" ">
    <subfield code="a">Biblioteca e archivio. Civica raccolta delle stampe Achille Bertarelli. Milano</subfield>
    <subfield code="1">MI0281</subfield>
    <subfield code="2">LO1 81</subfield>
  </datafield>
</record>
</collection>
